

@ARTICLE{Syriani2013a,
    author = {Syriani, E. and Vangheluwe, H.},
    journal = {Software \& Systems Modeling},
    title = {A Modular Timed Graph Transformation Language for Simulation-based Design},
    year = {2013},
    number = {2},
    pages = {387--414},
    volume = {12}
}

@ARTICLE{Lucio2016,
    author = {L{\'u}cio, Levi and Amrani, Moussa and Dingel, Juergen and Lambers, Leen and Salay, Rick and Selim, Gehan and Syriani, Eugene and Wimmer, Manuel},
    journal = {Software \& Systems Modeling},
    title = {Model Transformation Intents and Their Properties},
    year = {2016},
    number = {3},
    pages = {647--684},
    volume = {15}
}

@INPROCEEDINGS{Bertoa2018,
    author = {Bertoa, Manuel F. and Moreno, Nathalie and Barquero, Gala and Burgue{\~{n}}o, Loli and Troya, Javier and Vallecillo, Antonio},
    booktitle = {Modelling Foundations and Applications},
    title = {Expressing Measurement Uncertainty in OCL/UML Datatypes},
    year = {2018},
    pages = {46--62},
    publisher = {Springer},
    series = {LNCS},
    volume = {10890}
}

@article{Floyd1962,
    author = {Floyd, Robert W.},
    title = {Algorithm 97: Shortest Path},
    journal = {Communications of the {ACM}},
    volume = {5},
    number = {6},
    year = {1962},
    pages = {345}
}

@article{Warshall1962,
    title = {A theorem on boolean matrices},
    author = {Warshall, Stephen},
    booktitle = {Journal of the {ACM}},
    year = {1962},
    volume = {9},
    pages = {11--12}
}

@inproceedings{BaburCB18,
  author    = {{\"{O}}nder Babur and
               Loek Cleophas and
               Mark van den Brand},
  title     = {Model analytics for feature models: case studies for {S.P.L.O.T.}
               repository},
  booktitle = {Proceedings of {MODELS} 2018 Workshops},
  pages     = {787--792},
  year      = {2018}
}

@inproceedings{BaburCVB16,
  author    = {{\"{O}}nder Babur and
               Loek Cleophas and
               Tom Verhoeff and
               Mark van den Brand},
  title     = {Towards Statistical Comparison and Analysis of Models},
  booktitle = {Proceedings of the 4rd International Conference
               on Model-Driven Engineering and Software Development (MODELSWARD)},
  pages     = {361--367},
  year      = {2016}
}

@inproceedings{BaburC17,
  author    = {{\"{O}}nder Babur and
               Loek Cleophas},
  title     = {Using n-grams for the Automated Clustering of Structural Models},
  booktitle = {Proceedings of the 43rd International
               Conference on Current Trends in Theory and Practice of Computer Science (SOFSEM)},
  pages     = {510--524},
  year      = {2017}
}
